@Article{dom11:ali,
  author = 	 {Domazet-Lo\v{s}o, M. and Haubold, B.},
  title = 	 {Alignment-free detection of local similarity among viral and bacterial genomes},
  journal = 	 {Bioinformatics},
  year = 	 2011,
  volume = 	 27,
  pages =        {1466--1472}
}

@Article{hau09:est,
  author = 	 {Haubold, B. and Pfaffelhuber, P. and Domazet-Lo\v{s}o, M. and Wiehe, T.},
  title = 	 {Estimating Mutation Distances from Unaligned Genomes},
  journal = 	 {Journal of Computational Biology},
  year = 	 2009,
  volume = 	 {16},
  pages =        {1487--1500}
}

@Article{	  hud02:gen,
  author	= {Hudson, R. R.},
  title		= {Generating samples under a {W}right-{F}isher neutral model
		  of genetic variation},
  journal	= {Bioinformatics},
  year		= 2002,
  volume	= 18,
  pages		= {337--338}
}

@inproceedings{man02:eng,
 author = {Manzini, G. and Ferragina, P.},
 title = {Engineering a Lightweight Suffix Array Construction Algorithm},
 booktitle = {ESA '02: Proceedings of the 10th Annual European Symposium on Algorithms},
 year = {2002},
 isbn = {3-540-44180-8},
 pages = {698--710},
 publisher = {Springer-Verlag},
 address = {London, UK},
 }
